
@misc{CSharpIn,
  title={Inheritance (C\# Programming Guide)},
  howpublished = "\url{https://msdn.microsoft.com/en-US/library/ms173149%28v=vs.80%29.aspx}",
  note = "[Online; accessed 2015 March]"
}
@misc{JavaIn,
  title={Inheritance },
  howpublished = "\url{https://docs.oracle.com/javase/tutorial/java/IandI/subclasses.html}",
  note = "[Online; accessed 2015 March]"
}

@misc{MultiProblems
title={Multiple inheritance - issues },
  howpublished = "\url{http://people.cs.aau.dk/~normark/ap/more-abstraction-mechanisms-slide-multiple-inh-problems.html}",
  note = "[Online; accessed 2015 March]"
}

@book{CplusplusBook,
  author={Bjarne Stroustrup},
  title={The C++ Programming Language, Fourth Edition},
  year={2013},
  publisher = Addison-Wesley"
}